@preamble{"\providecommand{\noopsort}[1]{}"}

@inproceedings{johnson2021jetset,
  title={{Jetset: Targeted Firmware Rehosting for Embedded Systems}},
  author={Johnson, Evan and Bland, Maxwell and Zhu, YiFei and Mason, Joshua and Checkoway, Stephen and Savage, Stefan and Levchenko, Kirill},
  booktitle={USENIX Security Symposium},
  pages={321--338},
  year={2021}
}

@inproceedings{bellard2005qemu,
  title={{QEMU, a Fast and Portable Dynamic Translator}},
  author={Bellard, Fabrice},
  booktitle={USENIX annual technical conference, FREENIX Track},
  volume={41},
  pages={46},
  year={2005},
  organization={Califor-nia, USA}
}

@inproceedings{schulz2018blast,
  title={{A Blast from the Past: Online Time-Travel Debugging with BITE}},
  author={Schulz, Stefan and Bockisch, Christoph},
  booktitle={Proceedings of the 15th International Conference on Managed Languages \& Runtimes},
  pages={1--13},
  year={2018}
}

@inproceedings{wang2017angr,
  title={{Angr-the Next Generation of Binary Analysis}},
  author={Wang, Fish and Shoshitaishvili, Yan},
  booktitle={2017 IEEE Cybersecurity Development (SecDev)},
  pages={8--9},
  year={2017},
  organization={IEEE}
}

